@web_page{,
   title = {https://se.mathworks.com/help/deeplearning/function-approximation-and-nonlinear-regression.html},
}
