@book{ref_key,
  title={title},
  author={author},
  isbn={isbn#},
  lccn={lccn#},
  series={series},
  url={url},
  year={year},
  publisher={publisher}
}
